% Encoding: UTF-8

@Book{bib:one,
  title     = {数学建模方法及其应用},
  publisher = {北京：高等教育出版社},
  year      = {2009},
  author    = {韩中庚},
}

@Book{bib:two,
  title     = {数学模型},
  publisher = {北京：高等教育出版社},
  year      = {2003},
  author    = {姜启源，谢金星，叶俊},
}

@Book{bib:three,
  title     = {精通 MATLAB 最优化计算},
  publisher = {北京：电子工业出版社},
  year      = {2012},
  author    = {龚纯，王正林},
}

@Book{bib:four,
  title     = {MATLAB 在数学建模中的应用},
  publisher = {北京：北京 航空航天大学出版社},
  year      = {2014},
  author    = {卓金武，李必文，魏永生，秦健},
}

@Comment{jabref-meta: databaseType:bibtex;}
